@Article{Scarson1999Stuff,
  author = {Von Scarson},
  title = {Toward the analysis of inconsequential stuff},
  journal = {Journal of Everything and Beyond},
  Month = jun,
  Year = 1999,
  Volume = 6,
  Pages = {75--83}}

@InProceedings{Dog2017Fuffa,
  author = {Fredrick P. Dog and John Schiappowsky and
            Christos Incapaciopolous},
  title = {A methology for irrelevant analysis},
  booktitle = {Proceedings of NOOB},
  Month = oct,
  Year = 2017}

